@article{Abbott:1999,
     Author = {Abbott, LF and Dayan, Peter},
     Journal = {Neural computation},
     Number = {1},
     Pages = {91--101},
     Title = {The effect of correlated variability on the accuracy of a population code},
     Volume = {11},
     Year = {1999}}

@article{Adachi:2012,
     title={Functional connectivity between anatomically unconnected areas is shaped by collective network-level effects in the macaque cortex},
     author={Adachi, Yusuke and Osada, Takahiro and Sporns, Olaf and Watanabe, Takamitsu and Matsui, Teppei and Miyamoto, Kentaro and Miyashita, Yasushi},
     journal={Cerebral Cortex},
     volume={22},
     number={7},
     pages={1586--1592},
     year={2012},
     publisher={Oxford Univ Press}}

@article{Adesnik:2010,
     title={Lateral competition for cortical space by layer-specific horizontal circuits},
     author={Adesnik, Hillel and Scanziani, Massimo},
     journal={Nature},
     volume={464},
     number={7292},
     pages={1155--1160},
     year={2010},
     publisher={Nature Publishing Group}}

@article{Aertsen:1989,
     title={Dynamics of neuronal firing correlation: modulation of ``effective connectivity''},
     author={Aertsen, AM and Gerstein, GL and Habib, MK and Palm, G},
     journal={Journal of neurophysiology},
     volume={61},
     number={5},
     pages={900--917},
     year={1989},
     publisher={Am Physiological Soc}}

@article{Ahrens:2013,
     title={Whole-brain functional imaging at cellular resolution using light-sheet microscopy},
     author={Ahrens, Misha B and Orger, Michael B and Robson, Drew N and Li, Jennifer M and Keller, Philipp J},
     journal={Nature methods},
     volume={10},
     number={5},
     pages={413--420},
     year={2013},
     publisher={Nature Publishing Group}}

@article{Alivisatos:2012,
     title={The brain activity map project and the challenge of functional connectomics},
     author={Alivisatos, A Paul and Chun, Miyoung and Church, George M and Greenspan, Ralph J and Roukes, Michael L and Yuste, Rafael},
     journal={Neuron},
     volume={74},
     number={6},
     pages={970--974},
     year={2012},
     publisher={Elsevier}}

@article{Alivisatos:2013,
     title={The brain activity map},
     author={Alivisatos, A Paul and Chun, Miyoung and Church, George M and Deisseroth, Karl and Donoghue, John P and Greenspan, Ralph J and McEuen, Paul L and Roukes, M and Sejnowski, Terrence J and Weiss, Paul S and others},
     journal={Science},
     volume={339},
     number={6125},
     pages={1284--1285},
     year={2013},
     publisher={American Association for the Advancement of Science}}

@article{Alonso:1998,
     title={Functional connectivity between simple cells and complex cells in cat striate cortex},
     author={Alonso, Jose-Manuel and Martinez, Luis M},
     journal={Nature neuroscience},
     volume={1},
     number={5},
     pages={395--403},
     year={1998},
     publisher={Nature Publishing Group}}

@article{Anderson:2003, 
     title={An introduction to multivariate statistical analysis},
     author={Anderson, TW},
     journal={Wiley series in probability and statistics},
     year={2003},
     publisher={Wiley}}

@article{Arieli:1995,
    title={Coherent spatiotemporal patterns of ongoing activity revealed by real-time optical imaging coupled with single-unit recording in the cat visual cortex},
    author={Arieli, Amos and Shoham, D and Hildesheim, R and Grinvald, A},
    journal={Journal of Neurophysiology},
    volume={73},
    number={5},
    pages={2072--2093},
    year={1995},
    publisher={Am Physiological Soc}}

@article{Arlot:2010,
     title={A survey of cross-validation procedures for model selection},
     author={Arlot, Sylvain and Celisse, Alain},
     journal={Statistics Surveys},
     volume={4},
     pages={40--79},
     year={2010},
     publisher={The author, under a Creative Commons Attribution License}}

@article{Averbeck:2006,
    Author = {Averbeck, Bruno B and Latham, Peter E and Pouget, Alexandre},
    Journal = {Nat Rev Neurosci},
    Month = {May},
    Number = {5},
    Pages = {358--366},
    Title = {Neural correlations, population coding and computation.},
    Volume = {7},
    Year = {2006}}

@article{Baba:2004,
    title={Partial correlation and conditional correlation as measures of conditional independence},
    author={Baba, Kunihiro and Shibata, Ritei and Sibuya, Masaaki},
    journal={Australian \& New Zealand Journal of Statistics},
    volume={46},
    number={4},
    pages={657--664},
    year={2004},
    publisher={Wiley Online Library}}

@article{Bair:2001,
    title={Correlated firing in macaque visual area MT: time scales and relationship to behavior},
    author={Bair, Wyeth and Zohary, Ehud and Newsome, William T},
    journal={The journal of Neuroscience},
    volume={21},
    number={5},
    pages={1676--1697},
    year={2001},
    publisher={Soc Neuroscience}}

@article{Baker:2012,
    Author = {Baker, Pamela M and Bair, Wyeth},
    Journal = {J Neurosci},
	Month = {Jun},
	Number = {26},
	Pages = {8800-16},
	Title = {Inter-neuronal correlation distinguishes mechanisms of direction selectivity in cortical circuit models},
	Volume = {32},
	Year = {2012}}

@article{Banerjee:2008,
    Author = {Banerjee, O. and El Ghaoui, L. and D'Aspremont, A.},
	Journal = {The Journal of Machine Learning Research},
	Pages = {485--516},
	Title = {Model selection through sparse maximum likelihood estimation for multivariate gaussian or binary data},
	Volume = {9},
	Year = {2008}}
    
@article{Ben:1995,
  title={Theory of orientation tuning in visual cortex},
  author={Ben-Yishai, R. and Bar-Or, R.L. and Sompolinsky, H.},
  journal={Proceedings of the National Academy of Sciences},
  volume={92},
  number={9},
  pages={3844--3848},
  year={1995},
  publisher={National Acad Sciences}}

@article{Berens:2011,
    Author = {Berens, Philipp and Ecker, Alexander S and Gerwinn, Sebastian and Tolias, Andreas S and Bethge, Matthias},
    Journal = {Proc Natl Acad Sci U S A},
    Month = {Mar},
    Number = {11},
    Pages = {4423-8},
    Title = {Reassessing optimal neural population codes with neurometric functions},
    Volume = {108},
    Year = {2011}}

@article{Bickel:2006,
    title={Regularization in statistics},
    author={Bickel, Peter J and Li, Bo and Tsybakov, Alexandre B and van de Geer, Sara A and Yu, Bin and Vald{\'e}s, Te{\'o}filo and Rivero, Carlos and Fan, Jianqing and van der Vaart, Aad},
    journal={Test},
    volume={15},
    number={2},
    pages={271--344},
    year={2006},
    publisher={Springer}}

@article{Bickel:2008,
    title={Regularized estimation of large covariance matrices},
    author={Bickel, Peter J and Levina, Elizaveta},
    journal={The Annals of Statistics},
    pages={199--227},
    year={2008},
    publisher={JSTOR}}

@article{Bock:2011,
    title={Network anatomy and in vivo physiology of visual cortical neurons},
    author={Bock, Davi D and Lee, Wei-Chung Allen and Kerlin, Aaron M and Andermann, Mark L and Hood, Greg and Wetzel, Arthur W and Yurgenson, Sergey and Soucy, Edward R and Kim, Hyon Suk and Reid, R Clay},
    journal={Nature},
    volume={471},
    number={7337},
    pages={177--182},
    year={2011},
    publisher={Nature Publishing Group}
    }

@article{Bonin:2011,
    Author = {Bonin, Vincent and Histed, Mark H and Yurgenson, Sergey and Reid, R Clay},
	Journal = {J Neurosci},
	Month = {Dec},
	Number = {50},
	Pages = {18506-21},
	Title = {Local diversity and fine-scale organization of receptive fields in mouse visual cortex},
	Volume = {31},
	Year = {2011}}

@article{Brown:2004,
    Author = {Brown, Emery N and Kass, Robert E and Mitra, Partha P},
    Journal = {Nat Neurosci},
    Month = {May},
    Number = {5},
    Pages = {456-61},
    Title = {Multiple neural spike train data analysis: state-of-the-art and future challenges},
    Volume = {7},
    Year = {2004}}

@article{Buonomano:2009,
    title={State-dependent computations: spatiotemporal processing in cortical networks},
    author={Buonomano, Dean V and Maass, Wolfgang},
    journal={Nature Reviews Neuroscience},
    volume={10},
    number={2},
    pages={113--125},
    year={2009},
    publisher={Nature Publishing Group}}

@article{Bullmore:2012,
    title={The economy of brain network organization},
    author={Bullmore, Ed and Sporns, Olaf},
    journal={Nature Reviews Neuroscience},
    volume={13},
    number={5},
    pages={336--349},
    year={2012},
    publisher={Nature Publishing Group}}

@article{Buzsaki:2004,
   title={Large-scale recording of neuronal ensembles},
   author={Buzs{\'a}ki, Gy{\"o}rgy},
   journal={Nature neuroscience},
   volume={7},
   number={5},
   pages={446--451},
   year={2004},
   publisher={Nature Publishing Group}}

@article{Carandini:2005,
   title={Do we know what the early visual system does?},
   author={Carandini, Matteo and Demb, Jonathan B and Mante, Valerio and Tolhurst, David J and Dan, Yang and Olshausen, Bruno A and Gallant, Jack L and Rust, Nicole C},
   journal={The Journal of neuroscience},
   volume={25},
   number={46},
   pages={10577--10597},
   year={2005},
   publisher={Soc Neuroscience}
   }

@article{Ch:2010,
    title={Cellular imaging of visual cortex reveals the spatial and functional organization of spontaneous activity},
    author={Ch'Ng, Yeang H and Reid, R Clay},
    journal={Frontiers in integrative neuroscience},
    volume={4},
    year={2010},
    publisher={Frontiers Media SA}}

@inproceedings{Chandrasekaran:2010,
    title={Latent variable graphical model selection via convex optimization},
    author={Chandrasekaran, Venkat and Parrilo, Pablo A and Willsky, Alan S},
    booktitle={Communication, Control, and Computing (Allerton), 2010 48th Annual Allerton Conference on},
    pages={1610--1613},
    year={2010},
    organization={IEEE}}

@article{Chapin:1999,
    title={Principal component analysis of neuronal ensemble activity reveals multidimensional somatosensory representations},
    author={Chapin, John K and Nicolelis, Miguel AL},
    journal={Journal of neuroscience methods},
    volume={94},
    number={1},
    pages={121--140},
    year={1999},
    publisher={Elsevier}}

@article{Chiu:2002,
    title={Relationship of correlated spontaneous activity to functional ocular dominance columns in the developing visual cortex},
    author={Chiu, Chiayu and Weliky, Michael},
    journal={Neuron},
    volume={35},
    number={6},
    pages={1123--1134},
    year={2002},
    publisher={Elsevier}}

@article{Cohen:2008,
   title={Context-dependent changes in functional circuitry in visual area MT},
   author={Cohen, Marlene R and Newsome, William T},
   journal={Neuron},
   volume={60},
   number={1},
   pages={162--173},
   year={2008},
   publisher={Elsevier}}

@article{Cohen:2009,
   title={Attention improves performance primarily by reducing interneuronal correlations},
   author={Cohen, Marlene R and Maunsell, John HR},
   journal={Nature neuroscience},
   volume={12},
   number={12},
   pages={1594--1600},
   year={2009},
   publisher={Nature Publishing Group}}

@article{Cohen:2011,
    Author = {Cohen, Marlene R and Kohn, Adam},
    Journal = {Nature neuroscience},
    Number = {7},
    Pages = {811--819},
    Title = {Measuring and interpreting neuronal correlations},
    Volume = {14},
    Year = {2011}}

@article{Cotton:2013,
    title={Three-dimensional mapping of microcircuit correlation structure},
    author={Cotton, R James and Froudarakis, Emmanouil and Storer, Patrick and Saggau, Peter and Tolias, Andreas S},
    journal={Frontiers in Neural Circuits},
    volume={7},
    pages={151},
    year={2013},
    publisher={Frontiers}
}

@article{DataJoint:2014,
	author={Yatsenko, Dimitri and Cotton, James and Hoenselaar, Andreas and Ecker, Alexander and Tolias, Andreas S},
	year={2014},
	title={DataJoint software, v2.7.6},
	doi={10.5281/zenodo.10550},
	url={dx.doi.org/10.5281/zenodo.10550},
	journal={ZENODO}
}

@article{Dempster:1972,
  title={Covariance selection},
  author={Dempster, A.P.},
  journal={Biometrics},
  pages={157--175},
  year={1972},
  publisher={JSTOR}}

@article{Denman:2013,
    Author = {Denman, Daniel J and Contreras, Diego},
    Journal = {Cereb Cortex},
    Month = {May},
    Title = {The Structure of Pairwise Correlation in Mouse Primary Visual Cortex Reveals Functional Organization in the Absence of an Orientation Map},
    publisher={Oxford Univ Press},
    Year = {2013}}

@article{Dey:1985,
    title={Estimation of a covariance matrix under Stein's loss},
    author={Dey, Dipak K and Srinivasan, C},
    journal={The Annals of Statistics},
    pages={1581--1591},
    year={1985},
    publisher={JSTOR}}

@article{Donoho:2000,
    title={High-dimensional data analysis: The curses and blessings of dimensionality},
    author={Donoho, David L and others},
    journal={AMS Math Challenges Lecture},
    pages={1--32},
    year={2000}
    }

@article{Douglas:2004,
   title={Neuronal circuits of the neocortex},
   author={Douglas, Rodney J and Martin, Kevan AC},
   journal={Annu. Rev. Neurosci.},
   volume={27},
   pages={419--451},
   year={2004},
   publisher={Annual Reviews}
}

@article{Douglas:2007,
   Author = {Douglas, Rodney J and Martin, Kevan A C},
   Journal = {Neuron},
   Month = {Oct},
   Number = {2},
   Pages = {226--238},
   Title = {Mapping the matrix: the ways of neocortex.},
   Volume = {56},
   Year = {2007}}


@article{Ecker:2010,
    Author = {Alexander S. Ecker and Philipp Berens and Georgios A. Keliris and Matthias Bethge and Nikos K. Logothetis and Andreas S. Tolias},
    Journal = {Science},
    Month = {January},
    Number = {5965},
    Pages = {584-587},
    Title = {Decorrelated Neuronal Firing in Cortical Microcircuits},
    Volume = {327},
    Year = {2010}}

@article{Ecker:2011,
    title={The effect of noise correlations in populations of diversely tuned neurons},
    author={Ecker, Alexander S and Berens, Philipp and Tolias, Andreas S and Bethge, Matthias},
    journal={The Journal of Neuroscience},
    volume={31},
    number={40},
    pages={14272--14283},
    year={2011},
    publisher={Soc Neuroscience}}

@article{Ecker:2014,
    title={State dependence of noise correlations in macaque primary visual cortex},
    author={Ecker, Alexander S and Berens, Philipp and Cotton, R James and Subramaniyan, Manivannan and Denfield, George H and Cadwell, Cathryn R and Smirnakis, Stelios M and Bethge, Matthias and Tolias, Andreas S},
    journal={Neuron},
    volume={82},
    number={1},
    pages={235--248},
    year={2014},
    publisher={Elsevier}}

@book{Efron:1977,
    title={Stein's paradox in statistics},
    author={Efron, Bradley and Morris, Carl N},
    year={1977},
    publisher={WH Freeman}}

@article{Fan:2006,
    title={Statistical challenges with high dimensionality: Feature selection in knowledge discovery},
    author={Fan, Jianqing and Li, Runze},
    journal={arXiv preprint math/0602133},
    year={2006}}

@article{Fan:2008,
    title={High dimensional covariance matrix estimation using a factor model},
    author={Fan, Jianqing and Fan, Yingying and Lv, Jinchi},
    journal={Journal of Econometrics},
    volume={147},
    number={1},
    pages={186--197},
    year={2008},
    publisher={Elsevier}}

@article{Fan:2011,
    title={High dimensional covariance matrix estimation in approximate factor models},
    author={Fan, Jianqing and Liao, Yuan and Mincheva, Martina},
    journal={Annals of statistics},
    volume={39},
    number={6},
    pages={3320},
    year={2011},
    publisher={NIH Public Access}}

@article{Feldt:2011,
    title={Dissecting functional connectivity of neuronal microcircuits: experimental and theoretical insights},
    author={Feldt, Sarah and Bonifazi, Paolo and Cossart, Rosa},
    journal={Trends in neurosciences},
    volume={34},
    number={5},
    pages={225--236},
    year={2011},
    publisher={Elsevier}}

@article{Fino:2011,
    Author = {Fino, Elodie and Yuste, Rafael},
    Journal = {Neuron},
    Month = {Mar},
    Number = {6},
    Pages = {1188-203},
    Title = {Dense inhibitory connectivity in neocortex},
    Volume = {69},
    Year = {2011}}

@article{Fisher:1921,
    title={On the ``Probable Error'' of a Coefficient of Correlation Deduced from a Small Sample},
    author={Fisher, Ronald Aylmer},
    journal={Metron},
    volume={1},
    pages={3--32},
    year={1921}}

@article{Friedman:1989,
    title={Regularized discriminant analysis},
    author={Friedman, Jerome H},
    journal={Journal of the American statistical association},
    volume={84},
    number={405},
    pages={165--175},
    year={1989},
    publisher={Taylor \& Francis}}

@article{Friedman:2004,
   title={Inferring cellular networks using probabilistic graphical models},
   author={Friedman, Nir},
   journal={Science},
   volume={303},
   number={5659},
   pages={799--805},
   year={2004},
   publisher={American Association for the Advancement of Science}}
    
@article{Friedman:2008,
    Author = {Friedman, J. and Hastie, T. and Tibshirani, R.},
	Journal = {Biostatistics},
	Number = {3},
	Pages = {432--441},
	Title = {Sparse inverse covariance estimation with the graphical lasso},
	Volume = {9},
	Year = {2008}}
    
@article{Friston:1994,
    title={Functional and effective connectivity in neuroimaging: a synthesis},
    author={Friston, Karl J},
    journal={Human brain mapping},
    volume={2},
    number={1-2},
    pages={56--78},
    year={1994},
    publisher={Wiley Online Library}}

@article{Friston:2011,
    title={Functional and effective connectivity: a review},
    author={Friston, Karl J},
    journal={Brain connectivity},
    volume={1},
    number={1},
    pages={13--36},
    year={2011},
    publisher={Mary Ann Liebert, Inc. 140 Huguenot Street, 3rd Floor New Rochelle, NY 10801 USA}
}

@article{Froudarakis:2014,
    title={Population code in mouse V1 facilitates readout of natural scenes through increased sparseness},
    author={Froudarakis, Emmanouil and Berens, Philipp and Ecker, Alexander S and Cotton, R James and Sinz, Fabian H and Yatsenko, Dimitri and Saggau, Peter and Bethge, Matthias and Tolias, Andreas S},
    journal={Nature neuroscience},
    year={2014},
    publisher={Nature Publishing Group}}

@article{Ganmor:2011,
    Author = {Ganmor, Elad and Segev, Ronen and Schneidman, Elad},
	Journal = {Proc Natl Acad Sci U S A},
	Month = {Jun},
	Number = {23},
	Pages = {9679-84},
	Title = {Sparse low-order interaction network underlies a highly correlated and learnable neural population code},
	Volume = {108},
	Year = {2011}}

@article{Gerstein:1964,
    title={Simultaneous studies of firing patterns in several neurons},
    author={Gerstein, GL and Clark, WA},
    journal={Science},
    volume={143},
    number={3612},
    pages={1325--1327},
    year={1964},
    publisher={American Association for the Advancement of Science}}

@article{Gerstein:1969,
    title={Simultaneously recorded trains of action potentials: analysis and functional interpretation},
    author={Gerstein, George L and Perkel, Donald H},
    journal={Science},
    volume={164},
    number={3881},
    pages={828--830},
    year={1969},
    publisher={American Association for the Advancement of Science}}

@article{Gerstein:1989,
    title={Neuronal assemblies},
    author={Gerstein, George L and Bedenbaugh, Purvis and Aertsen, Ad MHJ},
    journal={Biomedical Engineering, IEEE Transactions on},
    volume={36},
    number={1},
    pages={4--14},
    year={1989},
    publisher={IEEE}}


@article{Gobel:2007,
    Author = {Gobel, Werner and Helmchen, Fritjof},
    Journal = {Physiology (Bethesda)},
    Number = {December},
    Pages = {358--365},
    Title = {In vivo calcium imaging of neural network function.},
    Volume = {22},
    Year = {2007}}

@article{Golshani:2009,
    Author = {Golshani, Peyman and Gon{\c c}alves, J Tiago and Khoshkhoo, Sattar and Mostany, Ricardo and Smirnakis, Stelios and Portera-Cailliau, Carlos},
    Journal = {J Neurosci},
    Month = {Sep},
    Number = {35},
    Pages = {10890-9},
    Title = {Internally mediated developmental desynchronization of neocortical network activity},
    Volume = {29},
    Year = {2009}}

@article{Goard:2009,
    Author = {Goard, Michael and Dan, Yang},
    Journal = {Nat Neurosci},
    Month = {Nov},
    Number = {11},
    Pages = {1444-9},
    Title = {Basal forebrain activation enhances cortical coding of natural scenes},
    Volume = {12},
    Year = {2009}}

@article{Granot:2012,
    Author = {Granot-Atedgi, E. and Tka{\v{c}}ik, G. and Segev, R. and Schneidman, E.},
    Journal = {arXiv preprint arXiv:1205.6438},
    Title = {Stimulus-dependent maximum entropy models of neural population codes},
    Year = {2012}}

@article{Greenberg:2008,
    title={Population imaging of ongoing neuronal activity in the visual cortex of awake rats},
    author={Greenberg, David S and Houweling, Arthur R and Kerr, Jason ND},
    journal={Nature neuroscience},
    volume={11},
    number={7},
    pages={749--751},
    year={2008},
    publisher={Nature Publishing Group}}

@article{Grewe:2010,
    Author = {Grewe, Benjamin F and Langer, Dominik and Kasper, Hansjorg and Kampa, Bjorn M and Helmchen, Fritjof},
    Journal = {Nat Meth},
    Month = {05},
    Number = {5},
    Pages = {399--405},
    Title = {High-speed in vivo calcium imaging reveals neuronal network activity with near-millisecond precision},
     Volume = {7},
     Year = {2010}}

@article{Gu:2011,
    title={Perceptual learning reduces interneuronal correlations in macaque visual cortex},
    author={Gu, Yong and Liu, Sheng and Fetsch, Christopher R and Yang, Yun and Fok, Sam and Sunkara, Adhira and DeAngelis, Gregory C and Angelaki, Dora E},
    journal={Neuron},
    volume={71},
    number={4},
    pages={750--761},
    year={2011},
    publisher={Elsevier}}

@article{Gururangan:2014,
    title={Analysis of Graph Invariants in Functional Neocortical Circuitry Reveals Generalized Features Common to Three Areas of Sensory Cortex},
    author={Gururangan, Suchin S and Sadovsky, Alexander J and MacLean, Jason N},
    journal={PLoS computational biology},
    volume={10},
    number={7},
    pages={e1003710},
    year={2014},
    publisher={Public Library of Science}
 }

@article{Hansen:2012,
    title={Correlated variability in laminar cortical circuits},
    author={Hansen, Bryan J and Chelaru, Mircea I and Dragoi, Valentin},
    journal={Neuron},
    volume={76},
    number={3},
    pages={590--602},
    year={2012},
    publisher={Elsevier}}

@article{Harris:2005,
    title={Neural signatures of cell assembly organization},
    author={Harris, Kenneth D},
    journal={Nature Reviews Neuroscience},
    volume={6},
    number={5},
    pages={399--407},
    year={2005},
    publisher={Nature Publishing Group}}

@article{Harris:2011,
    Author = {Harris, K.D. and Bartho, P. and Chadderton, P. and Curto, C. and de la Rocha, J. and Hollender, L. and Itskov, V. and Luczak, A. and Marguet, S.L. and Renart, A. and others},
    Journal = {Hearing research},
    Number = {1},
    Pages = {37--53},
    Title = {How do neurons work together? Lessons from auditory cortex},
    Volume = {271},
    Year = {2011}}

@article{Harris:2013,
   title={Cortical connectivity and sensory coding},
   author={Harris, Kenneth D and Mrsic-Flogel, Thomas D},
   journal={Nature},
   volume={503},
   number={7474},
   pages={51--58},
   year={2013},
   publisher={Nature Publishing Group}}

@article{Hertz:2011,
   title={Ising models for inferring network structure from spike data},
   author={Hertz, John and Roudi, Yasser and Tyrcha, Joanna},
   journal={arXiv preprint arXiv:1106.1752},
   year={2011}}

@article{Hofer:2011,
    title={Differential connectivity and response dynamics of excitatory and inhibitory neurons in visual cortex},
    author={Hofer, Sonja B and Ko, Ho and Pichler, Bruno and Vogelstein, Joshua and Ros, Hana and Zeng, Hongkui and Lesica, Nicholas A and Mrsic-Flogel, Thomas D and others},
    journal={Nature neuroscience},
    volume={14},
    number={8},
    pages={1045--1052},
    year={2011},
    publisher={Nature Publishing Group}}

@article{Hu:2014,
    title={Fast-spiking, parvalbumin+ GABAergic interneurons: From cellular design to microcircuit function},
    author={Hu, Hua and Gan, Jian and Jonas, Peter},
    journal={Science},
    volume={345},
    number={6196},
    pages={1255263},
    year={2014},
    publisher={American Association for the Advancement of Science}}

@article{Hubel:1962,
    Author = {Hubel, D H and Wiesel, T N},
    Journal = {J Physiol},
    Month = {Jan},
    Pages = {106-54},
    Title = {Receptive fields, binocular interaction and functional architecture in the cat's visual cortex},
    Volume = {160},
    Year = {1962}}

@article{Isaacson:2011,
  title={How inhibition shapes cortical activity},
  author={Isaacson, Jeffry S and Scanziani, Massimo},
  journal={Neuron},
  volume={72},
  number={2},
  pages={231--243},
  year={2011},
  publisher={Elsevier}
}

@inproceedings{James:1961,
    title={Estimation with quadratic loss},
    author={James, William and Stein, Charles},
    booktitle={Proceedings of the fourth Berkeley symposium on mathematical statistics and probability},
    volume={1},
    pages={361--379},
    year={1961}}

@article{Josic:2009,
    title={Stimulus-dependent correlations and population codes},
    author={Josic, Kre{\v{s}}imir and Shea-Brown, Eric and Doiron, Brent and de la Rocha, Jaime},
    journal={Neural computation},
    volume={21},
    number={10},
    pages={2774--2804},
    year={2009},
    publisher={MIT Press}}

@article{Katona:2012,
    Author = {Katona, Gergely and Szalay, Gergely and Ma{\'a}k, P{\'a}l and Kasz{\'a}s, Attila and Veress, M{\'a}t{\'e} and Hillier, D{\'a}niel and Chiovini, Bal{\'a}zs and Vizi, E Sylvester and Roska, Botond and R{\'o}zsa, Bal{\'a}zs},
    Journal = {Nat Methods},
    Month = {Jan},
    Title = {Fast two-photon in vivo imaging with three-dimensional random-access scanning in large tissue volumes},
     Year = {2012}}

@article{Kenet:2003,
    title={Spontaneously emerging cortical representations of visual attributes},
    author={Kenet, Tal and Bibitchkov, Dmitri and Tsodyks, Misha and Grinvald, Amiram and Arieli, Amos},
    journal={Nature},
    volume={425},
    number={6961},
    pages={954--956},
    year={2003},
    publisher={Nature Publishing Group}}

@article{Kerlin:2010,
    title={Broadly tuned response properties of diverse inhibitory neuron subtypes in mouse visual cortex},
    author={Kerlin, Aaron M and Andermann, Mark L and Berezovskii, Vladimir K and Reid, R Clay},
    journal={Neuron},
    volume={67},
    number={5},
    pages={858--871},
    year={2010},
    publisher={Elsevier}
    }

@article{Ko:2011,
    Author = {Ko, Ho and Hofer, Sonja B and Pichler, Bruno and Buchanan, Katherine A and Sj{\"o}str{\"o}m, P Jesper and Mrsic-Flogel, Thomas D},
    Journal = {Nature},
    Month = {05},
    Number = {7345},
    Pages = {87--91},
    Title = {Functional specificity of local synaptic connections in neocortical networks},
    Volume = {473},
    Year = {2011}}

@article{Ko:2013,
    title={The emergence of functional microcircuits in visual cortex},
    author={Ko, Ho and Cossell, Lee and Baragli, Chiara and Antolik, Jan and Clopath, Claudia and Hofer, Sonja B and Mrsic-Flogel, Thomas D},
    journal={Nature},
    volume={496},
    number={7443},
    pages={96--100},
    year={2013},
    publisher={Nature Publishing Group}}

@book{Koller:2009,
    title={Probabilistic graphical models: principles and techniques},
    author={Koller, D. and Friedman, N.},
    year={2009},
    publisher={MIT press}}
  
@article{Kohn:2005,
    Author = {Kohn, Adam and Smith, Matthew A},
    Journal = {J Neurosci},
    Month = {Apr},
    Number = {14},
    Pages = {3661-73},
    Title = {Stimulus dependence of neuronal correlation in primary visual cortex of the macaque},
    Volume = {25},
    Year = {2005}}

@article{Kohn:2009,
     Author = {Kohn, Adam and Zandvakili, Amin and Smith, Matthew A},
     Journal = {Curr Opin Neurobiol},
     Month = {Aug},
     Number = {4},
     Pages = {434-8},
     Title = {Correlations and brain states: from electrophysiology to functional imaging},
     Volume = {19},
     Year = {2009}}

@article{Koster:2013,
     title={Higher order correlations within cortical layers dominate functional connectivity in microcolumns},
     author={K{\"o}ster, Urs and Sohl-Dickstein, Jascha and Gray, Charles M and Olshausen, Bruno A},
     journal={arXiv preprint arXiv:1301.0050},
     year={2013}}

@article{Kubokawa:2003,
     title={Estimating the covariance matrix: a new approach},
     author={Kubokawa, Tatsuya and Srivastava, MS},
     journal={Journal of multivariate analysis},
     volume={86},
     number={1},
     pages={28--47},
     year={2003},
     publisher={Elsevier}}

@article{Laubach:1999,
     title={Independent component analyses for quantifying neuronal ensemble interactions},
     author={Laubach, Mark and Shuler, Marshall and Nicolelis, Miguel AL},
     journal={Journal of neuroscience methods},
     volume={94},
     number={1},
     pages={141--154},
     year={1999},
     publisher={Elsevier}}

@article{Laurent:2002,
     title={Olfactory network dynamics and the coding of multidimensional signals},
     author={Laurent, Gilles},
     journal={Nature Reviews Neuroscience},
     volume={3},
     number={11},
     pages={884--895},
     year={2002},
     publisher={Nature Publishing Group}}

@article{Lawrence:1976,
     title = {On Conditional and Partial Correlation},
     author = {Lawrance, A. J.},
     journal = {The American Statistician},
     volume = {30},
     number = {3},
     pages = {pp. 146-149},
     url = {http://www.jstor.org/stable/2683864},
     ISSN = {00031305},
     year = {1976},
     publisher = {American Statistical Association}}

@article{Lee:2014,
    title={Parvalbumin-positive basket cells differentiate among hippocampal pyramidal cells},
    author={Lee, Sang-Hun and Marchionni, Ivan and Bezaire, Marianne and Varga, Csaba and Danielson, Nathan and Lovett-Barron, Matthew and Losonczy, Attila and Soltesz, Ivan},
    journal={Neuron},
    year={2014},
    publisher={Elsevier}}

@article{Ledoit:2003,
     title={Improved estimation of the covariance matrix of stock returns with an application to portfolio selection},
     author={Ledoit, Olivier and Wolf, Michael},
     journal={Journal of Empirical Finance},
     volume={10},
     number={5},
     pages={603--621},
     year={2003},
     publisher={Elsevier}}

@article{Ledoit:2004,
     title={A well-conditioned estimator for large-dimensional covariance matrices},
     author={Ledoit, Olivier and Wolf, Michael},
     journal={Journal of multivariate analysis},
     volume={88},
     number={2},
     pages={365--411},
     year={2004},
     publisher={Elsevier}}

@article{Leung:2013,
    title={Imaging zebrafish neural circuitry from whole brain to synapse},
    author={Leung, Louis C and Wang, Gordon X and Mourrain, Philippe},
    journal={Frontiers in neural circuits},
    volume={7},
    year={2013},
    publisher={Frontiers Media SA}}

@article{Levy:2012,
    Author = {Levy, Robert B and Reyes, Alex D},
    Journal = {J Neurosci},
    Month = {Apr},
    Number = {16},
    Pages = {5609-19},
    Title = {Spatial profile of excitatory and inhibitory synaptic connectivity in mouse primary auditory cortex},
    Volume = {32},
    Year = {2012}}

@article{Loh:2012,
    title={Structure estimation for discrete graphical models: Generalized covariance matrices and their inverses},
    author={Loh, Po-Ling and Wainwright, Martin J},
    journal={arXiv preprint arXiv:1212.0478},
    year={2012}}

@article{Lopes:2011,
    title={Neuronal assembly detection and cell membership specification by principal component analysis},
    author={Lopes-dos-Santos, V{\'\i}tor and Conde-Ocazionez, Sergio and Nicolelis, Miguel AL and Ribeiro, Sidarta T and Tort, Adriano BL},
    journal={PloS one},
    volume={6},
    number={6},
    pages={e20996},
    year={2011},
    publisher={Public Library of Science}}

@article{Lopes:2013,
    title = "Detecting cell assemblies in large neuronal populations ",
    journal = "Journal of Neuroscience Methods ",
    volume = "220",
    number = "2",
    pages = "149 -- 166",
    year = "2013",
    url = "http://www.sciencedirect.com/science/article/pii/S0165027013001489",
    author = {Lopes-dos-Santos, Vitor and Ribeiro, Sidarta and Tort, Adriano B.L.}}


@article{Luczak:2009,
    Author = {Luczak, Artur and Barth{\'o}, Peter and Harris, Kenneth D},
    Journal = {Neuron},
    Month = {May},
    Number = {3},
    Pages = {413-25},
    Title = {Spontaneous events outline the realm of possible sensory responses in neocortical populations},
    Volume = {62},
     Year = {2009}}

@article{Ma:2013,
    title={Alternating direction methods for latent variable Gaussian graphical model selection},
    author={Ma, Shiqian and Xue, Lingzhou and Zou, Hui},
    journal={Neural computation},
    pages={1--27},
    year={2013},
    publisher={MIT Press}}

@article{Macke:2011,
    Author = {Macke, Jakob H and Opper, Manfred and Bethge, Matthias},
	Journal = {Phys Rev Lett},
	Month = {May},
	Number = {20},
	Pages = {208102},
	Title = {Common input explains higher-order correlations and entropy in a simple model of neural population activity},
	Volume = {106},
	Year = {2011}}

@article{Malmersjo:2013,
    Author = {Malmersj{\"o}, Seth and Rebellato, Paola and Smedler, Erik and Planert, Henrike and Kanatani, Shigeaki and Liste, Isabel and Nanou, Evanthia and Sunner, Hampus and Abdelhady, Shaimaa and Zhang, Songbai and others},
    Journal = {Proceedings of the National Academy of Sciences},
    Number = {16},
    Pages = {E1524--E1532},
    Title = {Neural progenitors organize in small-world networks to promote cell proliferation},
    Volume = {110},
    Year = {2013}}

@article{Marrelec:2009,
    title={Large-scale neural model validation of partial correlation analysis for effective connectivity investigation in functional MRI},
    author={Marrelec, G and Kim, J and Doyon, J and Horwitz, B},
    journal={Human brain mapping},
    volume={30},
    number={3},
    pages={941--950},
    year={2009},
    publisher={Wiley Online Library}
    }

@article{Meinshausen:2006,
  title={High-dimensional graphs and variable selection with the lasso},
  author={Meinshausen, N. and B{\"u}hlmann, P.},
  journal={The Annals of Statistics},
  volume={34},
  number={3},
  pages={1436--1462},
  year={2006},
  publisher={Institute of Mathematical Statistics}}


@article{MacLean:2005,
  Author = {MacLean, Jason N and Watson, Brendon O and Aaron, Gloster B and Yuste, Rafael},
  Journal = {Neuron},
  Month = {Dec},
  Number = {5},
  Pages = {811-23},
  Title = {Internal dynamics determine the cortical response to thalamic stimulation},
  Volume = {48},
  Year = {2005}}

@article{Miller:2014,
  title={Visual stimuli recruit intrinsically generated cortical ensembles},
  author={Miller, Jae-eun Kang and Ayzenshtat, Inbal and Carrillo-Reid, Luis and Yuste, Rafael},
  journal={Proceedings of the National Academy of Sciences},
  pages={201406077},
  year={2014},
 publisher={National Acad Sciences}}

@article{Michalski:1983,
  title={Interactions between cat striate cortex neurons},
  author={Michalski, A and Gerstein, GL and Czarkowska, J and Tarnecki, R},
  journal={Experimental Brain Research},
  volume={51},
  number={1},
  pages={97--107},
  year={1983},
  publisher={Springer}}

@article{Moore:1970,
  title={Statistical signs of synaptic interaction in neurons},
  author={Moore, George P and Segundo, Jose P and Perkel, Donald H and Levitan, Herbert},
  journal={Biophysical Journal},
  volume={10},
  number={9},
  pages={876--900},
  year={1970},
  publisher={Elsevier}}

@article{Mountcastle:1997,
  Author = {Mountcastle, V B},
  Journal = {Brain},
  Pages = {701--722},
  Title = {The columnar organization of the neocortex.},
  Volume = {120 ( Pt 4)},
  Year = {1997}}

@article{Nirenberg:2003,
  title={Decoding neuronal spike trains: How important are correlations?},
  author={Nirenberg, Sheila and Latham, Peter E},
  journal={Proceedings of the National Academy of Sciences},
  volume={100},
  number={12},
  pages={7348--7353},
  year={2003},
  publisher={National Acad Sciences}}

@article{Nicolelis:1995,
    Author = {Nicolelis, M A L and Baccala L A and Lin R C S and Chapin J K},
    Journal = {Science},
    Number = {268},
    Pages = {1353--1358},
    Year = {1995},
    Title = {Sensorimotor encoding by synchronous neural ensemble activity at multiple levels of the somatosensory system}}

@article{Ohiorhenuan:2010,
    Author = {Ohiorhenuan, Ifije E and Mechler, Ferenc and Purpura, Keith P and Schmid, Anita M and Hu, Qin and Victor, Jonathan D},
	Journal = {Nature},
	Month = {Jul},
	Number = {7306},
	Pages = {617-21},
	Title = {Sparse coding and high-order correlations in fine-scale cortical networks},
	Volume = {466},
	Year = {2010}}
    
@article{Ohiorhenuan:2011,
    Author = {Ohiorhenuan, I.E. and Victor, J.D.},
	Journal = {Journal of computational neuroscience},
	Number = {1},
	Pages = {125--141},
	Title = {Information-geometric measure of 3-neuron firing patterns characterizes scale-dependence in cortical networks},
	Volume = {30},
	Year = {2011}}

@article{Ohki:2005,
     Author = {Ohki, Kenichi and Chung, Sooyoung and Ch'ng, Yeang H and Kara, Prakash and Reid, R Clay},
     Journal = {Nature},
     Month = {February},
     Number = {7026},
     Pages = {597--603},
     Title = {Functional imaging with cellular resolution reveals precise micro-architecture in visual cortex.},
     Volume = {433},
     Year = {2005}}

    
@article{Okun:2012,
    Author = {Okun, Michael and Yger, Pierre and Marguet, Stephan L and Gerard-Mercier, Florian and Benucci, Andrea and Katzner, Steffen and Busse, Laura and Carandini, Matteo and Harris, Kenneth D},
	Journal = {J Neurosci},
	Month = {Nov},
	Number = {48},
	Pages = {17108-19},
	Title = {Population rate dynamics and multineuron firing patterns in sensory cortex},
	Volume = {32},
	Year = {2012}}

@article{Olshausen:2004,
    title={What is the other 85\% of V1 doing},
    author={Olshausen, Bruno A and Field, David J},
    journal={Problems in Systems Neuroscience},
    volume={4},
    number={5},
    pages={182--211},
    year={2004},
    publisher={Oxford University Press Oxford}
    }

@article{Onken:2012,
    Author = {Onken, A. and Dragoi, V. and Obermayer, K.},
	Journal = {PLoS Computational Biology},
	Number = {6},
	Pages = {e1002539},
	Title = {A Maximum Entropy Test for Evaluating Higher-Order Correlations in Spike Counts},
	Volume = {8},
	Year = {2012}}

@article{Opgen:2007,
    title={Accurate ranking of differentially expressed genes by a distribution-free shrinkage approach},
    author={Opgen-Rhein, Rainer and Strimmer, Korbinian},
    journal={Statistical Applications in Genetics and Molecular Biology},
    volume={6},
    number={1},
    year={2007}}

@article{Ostojic:2009,
    Author = {Ostojic, Srdjan and Brunel, Nicolas and Hakim, Vincent},
    Journal = {The Journal of Neuroscience},
    Number = {33},
    Pages = {10234--10253},
    Title = {How connectivity, background activity, and synaptic properties shape the cross-correlation between spike trains},
    Volume = {29},
    Year = {2009}}

@article{Oswald:2008,
    title={Maturation of intrinsic and synaptic properties of layer 2/3 pyramidal neurons in mouse auditory cortex},
    author={Oswald, Anne-Marie M and Reyes, Alex D},
    journal={Journal of neurophysiology},
    volume={99},
    number={6},
    pages={2998},
    year={2008},
    publisher={NIH Public Access}}

@article{Packer:2011,
    title={Dense, unspecific connectivity of neocortical parvalbumin-positive interneurons: a canonical microcircuit for inhibition?},
    author={Packer, Adam M and Yuste, Rafael},
    journal={The Journal of Neuroscience},
    volume={31},
    number={37},
    pages={13260--13271},
    year={2011},
    publisher={Soc Neuroscience}
}

@article{Perkel:1967,
    Author = {Perkel, Donald H and Gerstein, George L and Moore, George P},
    Journal = {Biophysical journal},
    Number = {4},
    Pages = {419--440},
    Title = {Neuronal spike trains and stochastic point processes: {II}. Simultaneous spike trains},
    Volume = {7},
    Year = {1967}}

@article{Peng:2009,
    title={Partial correlation estimation by joint sparse regression models},
    author={Peng, Jie and Wang, Pei and Zhou, Nengfeng and Zhu, Ji},
    journal={Journal of the American Statistical Association},
    volume={104},
    number={486},
    year={2009}}

@article{Perin:2011,
    Author = {Perin, Rodrigo and Berger, Thomas K and Markram, Henry},
    Journal = {Proc Natl Acad Sci U S A},
    Month = {Mar},
    Number = {13},
    Pages = {5419-24},
    Title = {A synaptic organizing principle for cortical neuronal groups},
    Volume = {108},
    Year = {2011}}

@article{Pernice:2011,
    Author = {Pernice, Volker and Staude, Benjamin and Cardanobile, Stefano and Rotter, Stefan},
    Journal = {PLoS computational biology},
    Number = {5},
    Pages = {e1002059},
    Title = {How structure determines correlations in neuronal networks},
    Volume = {7},
    Year = {2011}}

@article{Peyrache:2010,
    title={Principal component analysis of ensemble recordings reveals cell assemblies at high temporal resolution},
    author={Peyrache, Adrien and Benchenane, Karim and Khamassi, Mehdi and Wiener, Sidney I and Battaglia, Francesco P},
    journal={Journal of computational neuroscience},
    volume={29},
    number={1-2},
    pages={309--325},
    year={2010},
    publisher={Springer}}

@article{Pfeffer:2013,
   title={Inhibition of inhibition in visual cortex: the logic of connections between molecularly distinct interneurons},
   author={Pfeffer, Carsten K and Xue, Mingshan and He, Miao and Huang, Z Josh and Scanziani, Massimo},
   journal={Nature neuroscience},
   volume={16},
   number={8},
   pages={1068--1076},
   year={2013},
   publisher={Nature Publishing Group}}

@article{Pillow:2008,
    title={Spatio-temporal correlations and visual signalling in a complete neuronal population},
    author={Pillow, Jonathan W and Shlens, Jonathon and Paninski, Liam and Sher, Alexander and Litke, Alan M and Chichilnisky, EJ and Simoncelli, Eero P},
    journal={Nature},
    volume={454},
    number={7207},
    pages={995--999},
    year={2008},
    publisher={Nature Publishing Group}}

@article{Pillow:2011,
    Author = {Pillow, Jonathan W and Ahmadian, Yashar and Paninski, Liam},
    Journal = {Neural Computation},
    Number = {1},
    Pages = {1--45},
    Title = {Model-based decoding, information estimation, and change-point detection techniques for multineuron spike trains},
    Volume = {23},
    Year = {2011}}

@article{Ponce:2013,
    title={Stimulus-dependent variability and noise correlations in cortical MT neurons},
    author={Ponce-Alvarez, Adri{\'a}n and Thiele, Alexander and Albright, Thomas D and Stoner, Gene R and Deco, Gustavo},
    journal={Proceedings of the National Academy of Sciences},
    volume={110},
    number={32},
    pages={13162--13167},
    year={2013},
    publisher={National Acad Sciences}}


@article{Reddy:2005,
    Author = {Reddy, Gaddum Duemani and Saggau, Peter},
    Journal = {J Biomed Opt},
    Number = {6},
    Pages = {064038},
    Title = {Fast three-dimensional laser scanning scheme using acousto-optic deflectors.},
    Volume = {10},
    Year = {2005}}

@article{Reimer:2014,
    Author = {Reimer, Jacob and Froudarakis, Emmanouil and Cadwell, Cathryn R. and Yatsenko, Dimitri and Denfield, George H. and Tolias, Andreas S.},
    Journal = {Neuron},
    year={accepted}
    }

@article{Renart:2010,
     Author = {Renart, Alfonso and de la Rocha, Jaime and Bartho, Peter and Hollender, Liad and Parga, N{\'e}stor and Reyes, Alex and Harris, Kenneth D},
     Journal = {Science},
     Month = {Jan},
     Number = {5965},
     Pages = {587-90},
     Title = {The asynchronous state in cortical circuits},
     Volume = {327},
     Year = {2010}}

@article{Reid:2012,
    Author = {Reid, R Clay},
    Journal = {Neuron},
    Number = {2},
    Pages = {209--217},
    Title = {From functional architecture to functional connectomics},
    Volume = {75},
    Year = {2012}}

@article{Rosenbaum:2010,
    Author = {Rosenbaum, Robert J and Trousdale, James and Josi{\'c}, Kre{\v{s}}imir},
    Journal = {Frontiers in computational neuroscience},
    Title = {Pooling and correlated neural activity},
    Volume = {4},
    Year = {2010}}

@article{Rosenbaum:2011,
    Author = {Rosenbaum, Robert and Josi{\'c}, Kre{\v{s}}imir},
    Journal = {Neural computation},
    Number = {5},
    Pages = {1261--1305},
    Title = {Mechanisms that modulate the transfer of spiking correlations},
    Volume = {23},
    Year = {2011}}

@article{Rothman:2008,
    title={Sparse permutation invariant covariance estimation},
    author={Rothman, Adam J and Bickel, Peter J and Levina, Elizaveta and Zhu, Ji},
    journal={Electronic Journal of Statistics},
    volume={2},
    pages={494--515},
    year={2008},
    publisher={Institute of Mathematical Statistics}}

@article{Rothschild:2010,
    title={Functional organization and population dynamics in the mouse primary auditory cortex},
    author={Rothschild, Gideon and Nelken, Israel and Mizrahi, Adi},
    journal={Nature neuroscience},
    volume={13},
    number={3},
    pages={353--360},
    year={2010},
    publisher={Nature Publishing Group}}

@article{Roudi:2009,
    title={Pairwise maximum entropy models for studying large biological systems: when they can work and when they can't},
    author={Roudi, Yasser and Nirenberg, Sheila and Latham, Peter E},
    journal={PLoS computational biology},
    volume={5},
    number={5},
    pages={e1000380},
    year={2009},
    publisher={Public Library of Science}}

@article{Runyan:2010,
    title={Response features of parvalbumin-expressing interneurons suggest precise roles for subtypes of inhibition in visual cortex},
    author={Runyan, Caroline A and Schummers, James and Van Wart, Audra and Kuhlman, Sandra J and Wilson, Nathan R and Huang, Z Josh and Sur, Mriganka},
    journal={Neuron},
    volume={67},
    number={5},
    pages={847--857},
    year={2010},
    publisher={Elsevier}
}

@article{Ryali:2012,
    title={Estimation of functional connectivity in fMRI data using stability selection-based sparse partial correlation with elastic net penalty},
    author={Ryali, Srikanth and Chen, Tianwen and Supekar, Kaustubh and Menon, Vinod},
    journal={Neuroimage},
    volume={59},
    number={4},
    pages={3852--3861},
    year={2012},
    publisher={Elsevier}}

@article{Sadovsky:2014,
    author = {Sadovsky, Alexander J. and MacLean, Jason N.}, 
    title = {Mouse Visual Neocortex Supports Multiple Stereotyped Patterns of Microcircuit Activity},
    volume = {34}, 
    number = {23}, 
    pages = {7769-7777}, 
    year = {2014}, 
    doi = {10.1523/JNEUROSCI.0169-14.2014}, 
    URL = {http://www.jneurosci.org/content/34/23/7769.abstract}, 
    eprint = {http://www.jneurosci.org/content/34/23/7769.full.pdf+html}, 
    journal = {The Journal of Neuroscience}}

@article{Salinas:2001,
     Author = {Salinas, Emilio and Sejnowski, Terrence J},
     Journal = {Nature Reviews Neuroscience},
     Number = {8},
     Pages = {539--550},
     Title = {Correlated neuronal activity and the flow of neural information},
     Volume = {2},
     Year = {2001}}

@article{Schafer:2005,
     title={A shrinkage approach to large-scale covariance matrix estimation and implications for functional genomics},
     author={Sch{\"a}fer, Juliane and Strimmer, Korbinian and others},
     journal={Statistical applications in genetics and molecular biology},
     volume={4},
     number={1},
     pages={32},
     year={2005}}

@article{Schafer:2010,
     title={corpcor: Efficient estimation of covariance and (partial) correlation},
     author={Sch{\"a}fer, Juliane and Opgen-Rhein, Rainer and Strimmer, Korbinian},
     journal={R package version 1.5},
     volume={7},
     year={2010}}

@article{Schneidman:2006,
    Author = {Schneidman, Elad and Berry, 2nd, Michael J and Segev, Ronen and Bialek, William},
	Journal = {Nature},
	Month = {Apr},
	Number = {7087},
	Pages = {1007-12},
	Title = {Weak pairwise correlations imply strongly correlated network states in a neural population},
	Volume = {440},
	Year = {2006}}

@article{Schwarz:1978,
    title={Estimating the dimension of a model},
    author={Schwarz, G.},
    journal={The annals of statistics},
    volume={6},
    number={2},
    pages={461--464},
    year={1978},
    publisher={Institute of Mathematical Statistics}}

@article{Shadlen:1998,
   Author = {Shadlen, M N and Newsome, W T},
   Journal = {J Neurosci},
   Month = {May},
   Number = {10},
   Pages = {3870-96},
   Title = {The variable discharge of cortical neurons: implications for connectivity, computation, and information coding},
   Volume = {18},
   Year = {1998}}

@article{Shlens:2009,
    Author = {Shlens, Jonathon and Field, Greg D and Gauthier, Jeffrey L and Greschner, Martin and Sher, Alexander and Litke, Alan M and Chichilnisky, E J},
	Journal = {J Neurosci},
	Month = {Apr},
	Number = {15},
	Pages = {5022-31},
	Title = {The structure of large-scale synchronized firing in primate retina},
	Volume = {29},
	Year = {2009}}

@article{Smith:2008,
    Author = {Smith, Matthew A and Kohn, Adam},
    Journal = {J Neurosci},
    Month = {November},
    Number = {48},
    Pages = {12591--12603},
    Title = {Spatial and temporal scales of neuronal correlation in primary visual cortex.},
    Volume = {28},
    Year = {2008}}

@article{Smith:2013,
    Author = {Smith, Matthew A and Jia, Xiaoxuan and Zandvakili, Amin and Kohn, Adam},
    Journal = {Journal of neurophysiology},
    Number = {4},
    Pages = {940--947},
    Title = {Laminar dependence of neuronal correlations in visual cortex},
    Volume = {109},
    Year = {2013}}

@article{Smith:2013b,
    title={Spatial and Temporal Scales of Neuronal Correlation in Visual Area V4},
    author={Smith, Matthew A and Sommer, Marc A},
    journal={The Journal of Neuroscience},
    volume={33},
    number={12},
    pages={5422--5432},
    year={2013},
    publisher={Soc Neuroscience}}

@article{Sompolinsky:2001,
    title={Population coding in neuronal systems with correlated noise},
    author={Sompolinsky, Haim and Yoon, Hyoungsoo and Kang, Kukjin and Shamir, Maoz},
    journal={Physical Review E},
    volume={64},
    number={5},
    pages={051904},
    year={2001},
    publisher={APS}}

@article{Song:2005,
    title={Highly nonrandom features of synaptic connectivity in local cortical circuits},
    author={Song, Sen and Sj{\"o}str{\"o}m, Per Jesper and Reigl, Markus and Nelson, Sacha and Chklovskii, Dmitri B},
    journal={PLoS biology},
    volume={3},
    number={3},
    pages={e68},
    year={2005},
    publisher={Public Library of Science}}

@inproceedings{Stein:1956,
    title={Inadmissibility of the usual estimator for the mean of a multivariate normal distribution},
    author={Stein, Charles},
    booktitle={Proceedings of the Third Berkeley symposium on mathematical statistics and probability},
    volume={1},
    number={399},
    pages={197--206},
    year={1956}}

@article{Stevenson:2008,
    title={Inferring functional connections between neurons},
    author={Stevenson, Ian H and Rebesco, James M and Miller, Lee E and K{\"o}rding, Konrad P},
    journal={Current opinion in neurobiology},
    volume={18},
    number={6},
    pages={582--588},
    year={2008},
    publisher={Elsevier}}

@article{Stosiek:2003,
    title={In vivo two-photon calcium imaging of neuronal networks},
    author={Stosiek, Christoph and Garaschuk, Olga and Holthoff, Knut and Konnerth, Arthur},
    journal={Proceedings of the National Academy of Sciences},
    volume={100},
    number={12},
    pages={7319--7324},
    year={2003},
    publisher={National Acad Sciences}}

@article{Tang:2008,
    Author = {Tang, Aonan and Jackson, David and Hobbs, Jon and Chen, Wei and Smith, Jodi L and Patel, Hema and Prieto, Anita and Petrusca, Dumitru and Grivich, Matthew I and Sher, Alexander and Hottowy, Pawel and Dabrowski, Wladyslaw and Litke, Alan M and Beggs, John M},
	Journal = {J Neurosci},
	Month = {Jan},
	Number = {2},
	Pages = {505-18},
	Title = {A maximum entropy model applied to spatial and temporal correlations from cortical networks in vitro},
	Volume = {28},
	Year = {2008}}

@article{Taniguchi:2011,
    title={A resource of Cre driver lines for genetic targeting of GABAergic neurons in cerebral cortex},
    author={Taniguchi, Hiroki and He, Miao and Wu, Priscilla and Kim, Sangyong and Paik, Raehum and Sugino, Ken and Kvitsani, Duda and Fu, Yu and Lu, Jiangteng and Lin, Ying and others},
    journal={Neuron},
    volume={71},
    number={6},
    pages={995--1013},
    year={2011},
    publisher={Elsevier}}

@article{Tkacik:2006,
    Author = {Tkacik, G. and Schneidman, E. and Berry, II and Michael, J. and Bialek, W.},
    Journal = {arXiv preprint q-bio/0611072},
	Title = {Ising models for networks of real neurons},
	Year = {2006}}

@article{Tkacik:2009,
    Author = {Tkacik, G. and Schneidman, E. and Berry, II and Michael, J. and Bialek, W.},
    Journal = {arXiv preprint arXiv:0912.5409},
    Title = {Spin glass models for a network of real neurons},
    Year = {2009}}

@article{Tkacik:2010,
    Author = {Tkacik, Gasper and Prentice, Jason S and Balasubramanian, Vijay and Schneidman, Elad},
    Journal = {Proc Natl Acad Sci U S A},
    Month = {Aug},
    Number = {32},
    Pages = {14419-24},
    Title = {Optimal population coding by noisy spiking neurons},
    Volume = {107},
    Year = {2010}}

@article{Tkacik:2012,
    Author = {Tkacik, G. and Marre, O. and Mora, T. and Amodei, D. and Berry, II and Michael, J. and Bialek, W.},
	Journal = {arXiv preprint arXiv:1207.6319},
	Title = {The simplest maximum entropy model for collective behavior in a neural network},
	Year = {2012}}

@article{Tkacik:2013,
    Author = {Tka{\v{c}}ik, Ga{\v{s}}per and Marre, Olivier and Amodei, Dario and Schneidman, Elad and Bialek, William and Berry, II and Michael, J},
    Journal = {arXiv preprint arXiv:1306.3061},
    Title = {Searching for collective behavior in a network of real neurons},
    Year = {2013}}


@article{Varoquaux:2012,
    title={Markov models for fMRI correlation structure: is brain functional connectivity small world, or decomposable into networks?},
    author={Varoquaux, Ga{\"e}l and Gramfort, Alexandre and Poline, Jean Baptiste and Thirion, Bertrand},
    journal={Journal of Physiology-Paris},
    volume={106},
    number={5},
    pages={212--221},
    year={2012},
    publisher={Elsevier}}

@article{Velez:2014,
   title={The Stimulus Selectivity and Connectivity of Layer Six Principal Cells Reveals Cortical Microcircuits Underlying Visual Processing},
   author={V{\'e}lez-Fort, Mateo and Rousseau, Charly V and Niedworok, Christian J and Wickersham, Ian R and Rancz, Ede A and Brown, Alexander PY and Strom, Molly and Margrie, Troy W},
   journal={Neuron},
   year={2014},
   publisher={Elsevier}}


@article{Vogels:1989,
    title={The response variability of striate cortical neurons in the behaving monkey},
    author={Vogels, Rufin and Spileers, Werner and Orban, GA},
    journal={Experimental brain research},
    volume={77},
    number={2},
    pages={432--436},
    year={1989},
    publisher={Springer}}


@article{Vogels:2005,
    Author = {Vogels, Tim P and Abbott, L F},
    Journal = {J Neurosci},
    Month = {Nov},
    Number = {46},
    Pages = {10786-95},
    Title = {Signal propagation and logic gating in networks of integrate-and-fire neurons},
    Volume = {25},
    Year = {2005}}

@article{Vogelstein:2010,
    title={Fast nonnegative deconvolution for spike train inference from population calcium imaging},
    author={Vogelstein, Joshua T and Packer, Adam M and Machado, Timothy A and Sippy, Tanya and Babadi, Baktash and Yuste, Rafael and Paninski, Liam},
    journal={Journal of neurophysiology},
    volume={104},
    number={6},
    pages={3691--3704},
    year={2010},
    publisher={Am Physiological Soc}}

@book{Whittaker:1990,
    title={Graphical models in applied multivariate statistics},
    author={Whittaker, Joe},
    year={1990},
    publisher={Wiley Publishing}}

@book{Whittaker:2009,
    title={Graphical models in applied multivariate statistics},
    author={Whittaker, Joe},
    year={2009},
    publisher={Wiley Publishing}}

@article{Wilke:2002,
    title={On the functional role of noise correlations in the nervous system},
    author={Wilke, Stefan D and Eurich, Christian W},
    journal={Neurocomputing},
    volume={44},
    pages={1023--1028},
    year={2002},
    publisher={Elsevier}}

@article{Yatsenko:2014,
    title = {Improved estimation and interpretation of correlations in neural circuits},
    Author = {Yatsenko, Dimitri and Josi\'{c}, Kre\v{s}imir and Ecker, Alexander S. and  Froudarakis, Emmanouil and Cotton, R. James  and Tolias, Andreas S.},
    journal = {PLoS Computational Biology},
    year = {in review}
}

@article{Yatsenko:2014c,
	author={Yatsenko, Dimitri},
	year={2014},
	title={Covariance estimation library for MATLAB, v0.9.1},
	doi={10.5281/zenodo.10629},
	url={dx.doi.org/10.5281/zenodo.10629},
	journal={ZENODO}
}

@article{Yu:2008,
    Author = {Yu, Shan and Huang, Debin and Singer, Wolf and Nikolic, Danko},
	Journal = {Cereb Cortex},
	Month = {Dec},
	Number = {12},
	Pages = {2891-901},
	Title = {A small world of neuronal synchrony},
	Volume = {18},
	Year = {2008}}


@article{Yu:2009,
    title={Gaussian-process factor analysis for low-dimensional single-trial analysis of neural population activity},
    author={Yu, Byron M and Cunningham, John P and Santhanam, Gopal and Ryu, Stephen I and Shenoy, Krishna V and Sahani, Maneesh},
    journal={Journal of neurophysiology},
    volume={102},
    number={1},
    pages={614--635},
    year={2009},
    publisher={Am Physiological Soc}}


@article{Yuan:2007,
    title={Model selection and estimation in the Gaussian graphical model},
    author={Yuan, Ming and Lin, Yi},
    journal={Biometrika},
    volume={94},
    number={1},
    pages={19--35},
    year={2007},
    publisher={Biometrika Trust}}


@article{Yuste:2005,
    title={The cortex as a central pattern generator},
    author={Yuste, Rafael and MacLean, Jason N and Smith, Jeffrey and Lansner, Anders},
    journal={Nature Reviews Neuroscience},
    volume={6},
    number={6},
    pages={477--483},
    year={2005},
    publisher={Nature Publishing Group}}

    
@article{Zalesky:2012,
    title={On the use of correlation as a measure of network connectivity},
    author={Zalesky, Andrew and Fornito, Alex and Bullmore, Ed},
    journal={Neuroimage},
    volume={60},
    number={4},
    pages={2096--2106},
    year={2012},
    publisher={Elsevier}}


@article{Zohary:1994,
    Author = {Zohary, E and Shadlen, M N and Newsome, W T},
    Journal = {Nature},
    Month = {July},
    Number = {6485},
    Pages = {140--143},
    Title = {Correlated neuronal discharge rate and its implications for psychophysical performance.},
    Volume = {370},
    Year = {1994}}
    

@article{Zhu:1997,
	Author = {Zhu, S.C. and Wu, Y.N. and Mumford, D.},
	Journal = {Neural Computation},
	Number = {8},
	Pages = {1627--1660},
	Title = {Minimax entropy principle and its application to texture modeling},
	Volume = {9},
	Year = {1997}}

